@online{ASHRAE,
    author = {ASHRAE},
    title = {ASHRAE 55},
    url = {https://www.researchgate.net/figure/ASHRAE-55-limits-for-thermal-Comfort-adapted-from-ASHRAE-55-2017_fig5_327597687},
    date = {10/12/2021},
}

@online{9foundations,
	author = {9foundations},
	title = {9 foundations},
	url = {https://9foundations.forhealth.org/#7},
	date = {13/12/2021},
}

@online{ASHRAE_mission_vision,
	author = {ASHRAE},
	title = {ASHRAE And Industry History },
	url = {https://www.ashrae.org/about/mission-and-vision/ashrae-industry-history},
	date = {13/12/2021},
}


