@article{Tartarini2020a,
author = {Tartarini, Federico and Schiavon, Stefano},
doi = {10.1016/j.softx.2020.100578},
issn = {23527110},
journal = {SoftwareX},
month = {jul},
pages = {100578},
publisher = {Elsevier B.V.},
title = {{pythermalcomfort: A Python package for thermal comfort research}},
url = {https://doi.org/10.1016/j.softx.2020.100578 https://linkinghub.elsevier.com/retrieve/pii/S2352711020302910},
volume = {12},
year = {2020}
}
